@misc{Luca_notes_2016,
    author = {Luca Trevisan},
    title = {Lecture Notes on Graph Partitioning, Expanders and Spectral Methods},
    year = {2016},
}

@misc{Spielman_notes_2018,
    author = {Daniel A. Spielman},
    title = {Lecture Notes on Spectral Graph Theory},
    year = {2018},
}

@article{Luxburg07,
    author = {Ulrike von Luxburg},
    title = {A Tutorial on Spectral Clustering},
    journal = {Statistics and Computing},
    volume = {17},
    number = {4},
    pages = {395--416},
    year = {2007},
}
